@Book{Corrosion_and_prot_eq_pot,
	author = {Einar Bardal},
	title = {Corrosion and Protection (Engineering Materials and Processes)},
	publisher = {Springer},
	year = {2004},
	address = {London Limited},
	isbn = {1-85233-758-3}
},
@BOOK{Haynes2010,
	AUTHOR = {Haynes, William M.},
	YEAR = {2010},
	TITLE = {CRC Handbook of Chemistry and Physics, 91st Edition},
	EDITION = {},
	ISBN = {978-1-439-82077-3},
},
@book{allenbard2000,
	author		= "Allen J. Bard and Larry R. Faulkner",
	title		= "Electrochemical Methods: Fundamentals and Applications",
	publisher	= "John Wiley and Sons",
	year		= "2000",
	edition		= "second"
},
@article{Darling1964,
	doi = {10.1021/je60022a041},
	url = {https://doi.org/10.1021/je60022a041},
	year = {1964},
	publisher = {American Chemical Society ({ACS})},
	volume = {9},
	number = {3},
	pages = {421--426},
	author = {H. E. Darling},
	title = {Conductivity of Sulfuric Acid Solutions.},
	journal = {Journal of Chemical {\&} Engineering Data}
},
@book{hdbkofchem_physics1989,
	title = {Handbook of Chemistry {\&} Physics 70th Edition},
	description = {Handbook of Chemistry & Physics 70th Edition (Book, 1989)},
	publisher = {CRC Press},
	interhash = {784495c52d2f9e2b0da0d0399958f793},
	intrahash = {301a3a1215922e154260502e9679a579},
	year = {1989},
	isbn = {0849304709},
	url = {https://www.xarg.org/ref/a/0849304709/}
},
@article{LeeRodkey1966,
	doi = {10.1093/clinchem/12.8.517},
	url = {https://doi.org/10.1093/clinchem/12.8.517},
	year = {1966},
	publisher = {Oxford University Press ({OUP})},
	volume = {12},
	number = {8},
	pages = {517--518},
	author = {F Lee Rodkey},
	title = {Aqueous Solutions and Body Fluids. Their Concentrative Properties and Conversion Tables},
	journal = {Clinical Chemistry}
},
@Misc{LandoltBornstein2007,
	author = "Holze, R.",
	editor = "Lechner, M.D.",
	title = "Table 5.1. Exchange current densities and rate constants in aqueous systems: Datasheet from {L}andolt-{B}{\"o}rnstein - {G}roup {IV} Physical Chemistry Volume 9A: ``Electrochemical Thermodynamics and Kinetics'' in {S}pringer{M}aterials (https://doi.org/10.1007/978-3-540-45316-1{\_}22)",
	publisher = "Springer-Verlag Berlin Heidelberg",
	doi = "10.1007/978-3-540-45316-1_22",
	url = "https://materials.springer.com/lb/docs/sm_lbs_978-3-540-45316-1_22"
},
@article{Markovi1997,
	doi = {10.1021/jp970930d},
	url = {https://doi.org/10.1021/jp970930d},
	year = {1997},
	publisher = {American Chemical Society ({ACS})},
	volume = {101},
	number = {27},
	pages = {5405--5413},
	author = {N. M. Markovi{\'{c}} and B. N. Grgur and P. N. Ross},
	title = {Temperature-Dependent Hydrogen Electrochemistry on Platinum Low-Index Single-Crystal Surfaces in Acid Solutions},
	journal = {The Journal of Physical Chemistry B}
},
@book{bard1985standard,
	title={Standard Potentials in Aqueous Solution},
	author={Bard, A.J. and Parsons, R. and Jordan, J.},
	isbn={9780824772918},
	lccn={lc85010307},
	series={Monographs in Electroanalytical Chemistry and Electrochemistry},
	url={https://books.google.at/books?id=fuJV1H18KtEC},
	year={1985},
	publisher={Taylor {\&} Francis}
},
